<?xml version="1.0" encoding="UTF-8" standalone="no"?>
<?xml-stylesheet type='text/xsl' href='/webservices/catalog/xsl/searchRetrieveResponse.xsl'?>

<searchRetrieveResponse xmlns="http://www.loc.gov/zing/srw/"
  xmlns:oclcterms="http://purl.org/oclc/terms/" xmlns:dc="http://purl.org/dc/elements/1.1/"
  xmlns:diag="http://www.loc.gov/zing/srw/diagnostic/"
  xmlns:xsi="http://www.w3.org/2001/XMLSchema-instance">
  <version>1.1</version>
  <numberOfRecords>184</numberOfRecords>
  <records>
    <record>
      <recordSchema>marcxml</recordSchema>
      <recordPacking>xml</recordPacking>
      <recordData>
        <record xmlns="http://www.loc.gov/MARC21/slim">
          <leader>00000cam a2200000Ia 4500</leader>
          <controlfield tag="001">33197885</controlfield>
          <controlfield tag="008">950925s1995 dcuab b f000 0 eng d</controlfield>
          <datafield ind1=" " ind2=" " tag="040">
            <subfield code="a">PVA</subfield>
            <subfield code="b">eng</subfield>
            <subfield code="c">PVA</subfield>
            <subfield code="d">AGL</subfield>
            <subfield code="d">OCL</subfield>
            <subfield code="d">AGL</subfield>
            <subfield code="d">GPO</subfield>
            <subfield code="d">OCLCQ</subfield>
            <subfield code="d">OCLCF</subfield>
            <subfield code="d">NTE</subfield>
            <subfield code="d">OCLCA</subfield>
            <subfield code="d">OCLCO</subfield>
            <subfield code="d">VPI</subfield>
          </datafield>
          <datafield ind1=" " ind2=" " tag="043">
            <subfield code="a">n-us---</subfield>
          </datafield>
          <datafield ind1="1" ind2="4" tag="050">
            <subfield code="a">A 1.75:710</subfield>
          </datafield>
          <datafield ind1="0" ind2=" " tag="070">
            <subfield code="a">1</subfield>
            <subfield code="b">Ag84Ab no.710</subfield>
          </datafield>
          <datafield ind1=" " ind2="0" tag="072">
            <subfield code="a">E550</subfield>
          </datafield>
          <datafield ind1="0" ind2=" " tag="086">
            <subfield code="a">A 1.75:710</subfield>
          </datafield>
          <datafield ind1="0" ind2="0" tag="245">
            <subfield code="a">Understanding rural America.</subfield>
          </datafield>
          <datafield ind1=" " ind2=" " tag="260">
            <subfield code="a">Washington, D.C. :</subfield>
            <subfield code="b">U.S. Dept. of Agriculture, Economic Research,</subfield>
            <subfield code="c">1995.</subfield>
          </datafield>
          <datafield ind1=" " ind2=" " tag="300">
            <subfield code="a">25 pages :</subfield>
            <subfield code="b">color illustrations, color maps ;</subfield>
            <subfield code="c">28 cm.</subfield>
          </datafield>
          <datafield ind1=" " ind2=" " tag="336">
            <subfield code="a">text</subfield>
            <subfield code="b">txt</subfield>
            <subfield code="2">rdacontent</subfield>
          </datafield>
          <datafield ind1=" " ind2=" " tag="337">
            <subfield code="a">unmediated</subfield>
            <subfield code="b">n</subfield>
            <subfield code="2">rdamedia</subfield>
          </datafield>
          <datafield ind1=" " ind2=" " tag="338">
            <subfield code="a">volume</subfield>
            <subfield code="b">nc</subfield>
            <subfield code="2">rdacarrier</subfield>
          </datafield>
          <datafield ind1="1" ind2=" " tag="490">
            <subfield code="a">Agriculture Information Bulletin ;</subfield>
            <subfield code="v">no. 710</subfield>
          </datafield>
          <datafield ind1=" " ind2=" " tag="500">
            <subfield code="a">Cover title.</subfield>
          </datafield>
          <datafield ind1=" " ind2=" " tag="500">
            <subfield code="a">"February 1995"--Page [i].</subfield>
          </datafield>
          <datafield ind1=" " ind2=" " tag="504">
            <subfield code="a">Includes bibliographical references (page 25).</subfield>
          </datafield>
          <datafield ind1=" " ind2=" " tag="530">
            <subfield code="a">Also available through remote access.</subfield>
          </datafield>
          <datafield ind1=" " ind2="0" tag="650">
            <subfield code="a">Rural development</subfield>
            <subfield code="z">United States.</subfield>
          </datafield>
          <datafield ind1=" " ind2="7" tag="650">
            <subfield code="a">Rural development.</subfield>
            <subfield code="2">fast</subfield>
            <subfield code="0">(OCoLC)fst01101498</subfield>
          </datafield>
          <datafield ind1=" " ind2="7" tag="651">
            <subfield code="a">United States.</subfield>
            <subfield code="2">fast</subfield>
            <subfield code="0">(OCoLC)fst01204155</subfield>
          </datafield>
          <datafield ind1="1" ind2=" " tag="710">
            <subfield code="a">United States.</subfield>
            <subfield code="b">Department of Agriculture.</subfield>
            <subfield code="b">Economic Research Service.</subfield>
          </datafield>
          <datafield ind1="1" ind2=" " tag="776">
            <subfield code="a">Understanding rural America</subfield>
            <subfield code="w">(OCoLC)52988498</subfield>
          </datafield>
          <datafield ind1="0" ind2="8" tag="776">
            <subfield code="i">Online version:</subfield>
            <subfield code="t">Understanding rural America.</subfield>
            <subfield code="d">Washington, D.C. : U.S. Dept. of Agriculture, Economic Research,
              1995</subfield>
            <subfield code="w">(OCoLC)778216896</subfield>
          </datafield>
          <datafield ind1=" " ind2="0" tag="830">
            <subfield code="a">Agriculture information bulletin ;</subfield>
            <subfield code="v">no. 710.</subfield>
          </datafield>
          <datafield ind1="4" ind2="1" tag="856">
            <subfield code="u">http://www.ers.usda.gov/publications/aib710/</subfield>
          </datafield>
        </record>
      </recordData>
    </record>