
    <record>
      <recordSchema>marcxml</recordSchema>
      <recordPacking>xml</recordPacking>
      <recordData>
        <record xmlns="http://www.loc.gov/MARC21/slim">
          <leader>00000cam a2200000 a 4500</leader>
          <controlfield tag="001">35019315</controlfield>
          <controlfield tag="008">960702s1995 caua b f000 0 eng </controlfield>
          <datafield ind1=" " ind2=" " tag="010">
            <subfield code="a"> 96169383 </subfield>
          </datafield>
          <datafield ind1=" " ind2=" " tag="040">
            <subfield code="a">DNAL</subfield>
            <subfield code="b">eng</subfield>
            <subfield code="c">DLC</subfield>
            <subfield code="d">AGL</subfield>
            <subfield code="d">CAW</subfield>
            <subfield code="d">YAM</subfield>
            <subfield code="d">OCLCQ</subfield>
            <subfield code="d">BTCTA</subfield>
            <subfield code="d">AGL</subfield>
            <subfield code="d">OCLCO</subfield>
            <subfield code="d">OCLCQ</subfield>
            <subfield code="d">CNLAK</subfield>
            <subfield code="d">OCLCF</subfield>
            <subfield code="d">AGM</subfield>
            <subfield code="d">WAU</subfield>
            <subfield code="d">WURST</subfield>
            <subfield code="d">OCL</subfield>
          </datafield>
          <datafield ind1=" " ind2=" " tag="019">
            <subfield code="a">973943017</subfield>
          </datafield>
          <datafield ind1=" " ind2=" " tag="042">
            <subfield code="a">lccopycat</subfield>
          </datafield>
          <datafield ind1=" " ind2=" " tag="043">
            <subfield code="a">n-usp--</subfield>
          </datafield>
          <datafield ind1="0" ind2="4" tag="050">
            <subfield code="a">SD11</subfield>
            <subfield code="b">.P3a no. 157</subfield>
            <subfield code="a">QL737.C25</subfield>
          </datafield>
          <datafield ind1=" " ind2="3" tag="055">
            <subfield code="a">SD 356.52*</subfield>
          </datafield>
          <datafield ind1="0" ind2=" " tag="070">
            <subfield code="a">aSD11.A325</subfield>
            <subfield code="b">no.157</subfield>
          </datafield>
          <datafield ind1=" " ind2="0" tag="072">
            <subfield code="a">P000</subfield>
          </datafield>
          <datafield ind1=" " ind2="0" tag="072">
            <subfield code="a">K001</subfield>
          </datafield>
          <datafield ind1="0" ind2="0" tag="082">
            <subfield code="a">634.9/0979 s</subfield>
            <subfield code="a">639.97/97665</subfield>
            <subfield code="2">21</subfield>
          </datafield>
          <datafield ind1="0" ind2=" " tag="086">
            <subfield code="a">A 13.88:PSW-GTR-157</subfield>
          </datafield>
          <datafield ind1="0" ind2="0" tag="245">
            <subfield code="a">American marten, fisher, lynx, and wolverine :</subfield>
            <subfield code="b">survey methods for their detection /</subfield>
            <subfield code="c">technical editors, William J. Zielinski, Thomas E. Kucera.</subfield>
          </datafield>
          <datafield ind1=" " ind2=" " tag="260">
            <subfield code="a">Albany, Calif. :</subfield>
            <subfield code="b">Pacific Southwest Research Station,</subfield>
            <subfield code="c">[1995]</subfield>
          </datafield>
          <datafield ind1=" " ind2=" " tag="300">
            <subfield code="a">vi, 163 pages :</subfield>
            <subfield code="b">illustrations (some color) ;</subfield>
            <subfield code="c">28 cm.</subfield>
          </datafield>
          <datafield ind1=" " ind2=" " tag="336">
            <subfield code="a">text</subfield>
            <subfield code="b">txt</subfield>
            <subfield code="2">rdacontent</subfield>
          </datafield>
          <datafield ind1=" " ind2=" " tag="337">
            <subfield code="a">unmediated</subfield>
            <subfield code="b">n</subfield>
            <subfield code="2">rdamedia</subfield>
          </datafield>
          <datafield ind1=" " ind2=" " tag="338">
            <subfield code="a">volume</subfield>
            <subfield code="b">nc</subfield>
            <subfield code="2">rdacarrier</subfield>
          </datafield>
          <datafield ind1="1" ind2=" " tag="490">
            <subfield code="a">General technical report PSW ;</subfield>
            <subfield code="v">GTR-157</subfield>
          </datafield>
          <datafield ind1=" " ind2=" " tag="500">
            <subfield code="a">"August 1995"--Page 2 of cover.</subfield>
          </datafield>
          <datafield ind1=" " ind2=" " tag="500">
            <subfield code="a">Survey forms inserted in pocket.</subfield>
          </datafield>
          <datafield ind1=" " ind2=" " tag="504">
            <subfield code="a">Includes bibliographical references.</subfield>
          </datafield>
          <datafield ind1="0" ind2=" " tag="505">
            <subfield code="a">Introduction to detection and survey methods / William J. Zielinski
              and Thomas E. Kucera -- Definition and distribution of sample units / William J.
              Zielinski, Thomas E. Kucera, and James C. Halfpenny -- Photographic bait stations /
              Thomas E. Kucera, Art M. Soukkala, and William J. Zielinski -- Track plates / William
              J. Zielinski -- Snow tracking / James C. Halfpenny, Richard W. Thompson, Susan C.
              Morse, Tim Holden, and Paul Rezendes.</subfield>
          </datafield>
          <datafield ind1=" " ind2="0" tag="650">
            <subfield code="a">American marten</subfield>
            <subfield code="x">Detection</subfield>
            <subfield code="z">West (U.S.)</subfield>
          </datafield>
          <datafield ind1=" " ind2="0" tag="650">
            <subfield code="a">Fisher (Mammal)</subfield>
            <subfield code="x">Detection</subfield>
            <subfield code="z">West (U.S.)</subfield>
          </datafield>
          <datafield ind1=" " ind2="0" tag="650">
            <subfield code="a">Lynx</subfield>
            <subfield code="x">Detection</subfield>
            <subfield code="z">West (U.S.)</subfield>
          </datafield>
          <datafield ind1=" " ind2="0" tag="650">
            <subfield code="a">Wolverine</subfield>
            <subfield code="x">Detection</subfield>
            <subfield code="z">West (U.S.)</subfield>
          </datafield>
          <datafield ind1=" " ind2="0" tag="650">
            <subfield code="a">Mammal surveys</subfield>
            <subfield code="z">West (U.S.)</subfield>
            <subfield code="x">Methodology.</subfield>
          </datafield>
          <datafield ind1=" " ind2="0" tag="650">
            <subfield code="a">Tracking and trailing</subfield>
            <subfield code="z">West (U.S.)</subfield>
          </datafield>
          <datafield ind1=" " ind2="3" tag="650">
            <subfield code="a">Martes americana.</subfield>
          </datafield>
          <datafield ind1=" " ind2="3" tag="650">
            <subfield code="a">Martes martes.</subfield>
          </datafield>
          <datafield ind1=" " ind2="3" tag="650">
            <subfield code="a">Gulo gulo.</subfield>
          </datafield>
          <datafield ind1=" " ind2="3" tag="650">
            <subfield code="a">Wildlife management.</subfield>
          </datafield>
          <datafield ind1=" " ind2="3" tag="650">
            <subfield code="a">Surveys.</subfield>
          </datafield>
          <datafield ind1=" " ind2="3" tag="650">
            <subfield code="a">Methodology.</subfield>
          </datafield>
          <datafield ind1=" " ind2="3" tag="650">
            <subfield code="a">Martes pennanti.</subfield>
          </datafield>
          <datafield ind1=" " ind2="3" tag="650">
            <subfield code="a">Lynx canadensis.</subfield>
          </datafield>
          <datafield ind1=" " ind2="7" tag="650">
            <subfield code="a">Mammal surveys</subfield>
            <subfield code="x">Methodology.</subfield>
            <subfield code="2">fast</subfield>
            <subfield code="0">(OCoLC)fst01006940</subfield>
          </datafield>
          <datafield ind1=" " ind2="7" tag="650">
            <subfield code="a">Tracking and trailing.</subfield>
            <subfield code="2">fast</subfield>
            <subfield code="0">(OCoLC)fst01153656</subfield>
          </datafield>
          <datafield ind1=" " ind2="7" tag="651">
            <subfield code="a">West United States.</subfield>
            <subfield code="2">fast</subfield>
            <subfield code="0">(OCoLC)fst01243255</subfield>
          </datafield>
          <datafield ind1="0" ind2="0" tag="653">
            <subfield code="a">bescherming</subfield>
          </datafield>
          <datafield ind1="0" ind2="0" tag="653">
            <subfield code="a">protection</subfield>
          </datafield>
          <datafield ind1="0" ind2="0" tag="653">
            <subfield code="a">dieren</subfield>
          </datafield>
          <datafield ind1="0" ind2="0" tag="653">
            <subfield code="a">animals</subfield>
          </datafield>
          <datafield ind1="0" ind2="0" tag="653">
            <subfield code="a">uitsterven</subfield>
          </datafield>
          <datafield ind1="0" ind2="0" tag="653">
            <subfield code="a">extinction</subfield>
          </datafield>
          <datafield ind1="0" ind2="0" tag="653">
            <subfield code="a">bedreigde soorten</subfield>
          </datafield>
          <datafield ind1="0" ind2="0" tag="653">
            <subfield code="a">endangered species</subfield>
          </datafield>
          <datafield ind1="0" ind2="0" tag="653">
            <subfield code="a">conservering</subfield>
          </datafield>
          <datafield ind1="0" ind2="0" tag="653">
            <subfield code="a">conservation</subfield>
          </datafield>
          <datafield ind1="0" ind2="0" tag="653">
            <subfield code="a">mustelidae</subfield>
          </datafield>
          <datafield ind1="0" ind2="0" tag="653">
            <subfield code="a">felidae</subfield>
          </datafield>
          <datafield ind1="0" ind2="0" tag="653">
            <subfield code="a">vs</subfield>
          </datafield>
          <datafield ind1="0" ind2="0" tag="653">
            <subfield code="a">usa</subfield>
          </datafield>
          <datafield ind1="1" ind2="0" tag="653">
            <subfield code="a">Wildlife Conservation and Management</subfield>
          </datafield>
          <datafield ind1="1" ind2="0" tag="653">
            <subfield code="a">Wildbescherming en -beheer</subfield>
          </datafield>
          <datafield ind1="1" ind2=" " tag="700">
            <subfield code="a">Zielinski, William J.</subfield>
          </datafield>
          <datafield ind1="1" ind2=" " tag="700">
            <subfield code="a">Kucera, Thomas E.</subfield>
          </datafield>
          <datafield ind1="2" ind2=" " tag="710">
            <subfield code="a">Pacific Southwest Research Station.</subfield>
          </datafield>
          <datafield ind1="0" ind2="8" tag="776">
            <subfield code="i">Online version:</subfield>
            <subfield code="t">American marten, fisher, lynx, and wolverine.</subfield>
            <subfield code="d">Albany, Calif. : Pacific Southwest Research Station,
              [1995]</subfield>
            <subfield code="w">(OCoLC)624431145</subfield>
          </datafield>
          <datafield ind1=" " ind2="0" tag="830">
            <subfield code="a">General technical report PSW ;</subfield>
            <subfield code="v">157.</subfield>
          </datafield>
          <datafield ind1="4" ind2="1" tag="856">
            <subfield code="u">http://www.fs.fed.us/psw/publications/documents/gtr-157/</subfield>
          </datafield>
          <datafield ind1=" " ind2=" " tag="938">
            <subfield code="a">Baker and Taylor</subfield>
            <subfield code="b">BTCP</subfield>
            <subfield code="n">96169383</subfield>
          </datafield>
          <datafield ind1="1" ind2=" " tag="029">
            <subfield code="a">AU@</subfield>
            <subfield code="b">000043398764</subfield>
          </datafield>
          <datafield ind1="1" ind2=" " tag="029">
            <subfield code="a">NLGGC</subfield>
            <subfield code="b">190484535</subfield>
          </datafield>
        </record>
      </recordData>
    </record>
  </records>
  <nextRecordPosition>101</nextRecordPosition>
  <resultSetIdleTime/>
  <echoedSearchRetrieveRequest xmlns:srw="http://www.loc.gov/zing/srw/">
    <version>1.1</version>
    <query>srw.no all "33139883" or srw.no all "33139900" or srw.no all "32992546" or srw.no all
      "33158865" or srw.no all "33213883" or srw.no all "33227572" or srw.no all "33212590" or
      srw.no all "33212590" or srw.no all "33241223" or srw.no all "33268906" or srw.no all
      "29781254" or srw.no all "56406380" or srw.no all "33329005" or srw.no all "33455285" or
      srw.no all "33470777" or srw.no all "33480718" or srw.no all "33487423" or srw.no all
      "33487439" or srw.no all "33487446" or srw.no all "33487454" or srw.no all "33487462" or
      srw.no all "33487407" or srw.no all "33665470" or srw.no all "33839674" or srw.no all
      "33078080" or srw.no all "33838887" or srw.no all "32823832" or srw.no all "33809153" or
      srw.no all "33868642" or srw.no all "33598619" or srw.no all "32897874" or srw.no all
      "32897874" or srw.no all "32897874" or srw.no all "33868062" or srw.no all "33869488" or
      srw.no all "33879121" or srw.no all "32578186" or srw.no all "33889047" or srw.no all
      "33315975" or srw.no all "32664247" or srw.no all "33850528" or srw.no all "33223434" or
      srw.no all "33893098" or srw.no all "33962706" or srw.no all "32894627" or srw.no all
      "33981685" or srw.no all "33841013" or srw.no all "33955116" or srw.no all "33985051" or
      srw.no all "j001299431494031" or srw.no all "33981066" or srw.no all "34060720" or srw.no all
      "34063194" or srw.no all "32271212" or srw.no all "34077503" or srw.no all "34087811" or
      srw.no all "34087811" or srw.no all "34088395" or srw.no all "34099379" or srw.no all
      "33496633" or srw.no all "33850597" or srw.no all "34063136" or srw.no all "34084884" or
      srw.no all "34139917" or srw.no all "34139917" or srw.no all "31467813" or srw.no all
      "34128892" or srw.no all "34146638" or srw.no all "34189020" or srw.no all "34166700" or
      srw.no all "33197885" or srw.no all "34186079" or srw.no all "33886186" or srw.no all
      "34142774" or srw.no all "34199690" or srw.no all "34292889" or srw.no all "32695266" or
      srw.no all "34353563" or srw.no all "34340709" or srw.no all "34342130" or srw.no all
      "34340733" or srw.no all "34099496" or srw.no all "34434625" or srw.no all "34404754" or
      srw.no all "34416004" or srw.no all "34416004" or srw.no all "30387765" or srw.no all
      "32636280" or srw.no all "34508044" or srw.no all "34508665" or srw.no all "34518861" or
      srw.no all "34521352" or srw.no all "34543361" or srw.no all "54427725" or srw.no all
      "54427725" or srw.no all "34595403" or srw.no all "34347070" or srw.no all "34659680" or
      srw.no all "34638820" or srw.no all "34555201" or srw.no all "34659551" or srw.no all
      "34659695" or srw.no all "34663636" or srw.no all "34325943" or srw.no all "34700452" or
      srw.no all "34728625" or srw.no all "34491931" or srw.no all "34748115" or srw.no all
      "34748500" or srw.no all "34728592" or srw.no all "34760983" or srw.no all "34828907" or
      srw.no all "33227051" or srw.no all "34849028" or srw.no all "34851936" or srw.no all
      "34876508" or srw.no all "34904065" or srw.no all "34344933" or srw.no all "34344933" or
      srw.no all "34901277" or srw.no all "34901258" or srw.no all "33979727" or srw.no all
      "34917418" or srw.no all "34911423" or srw.no all "34980481" or srw.no all "34283431" or
      srw.no all "34993081" or srw.no all "34991753" or srw.no all "34992181" or srw.no all
      "35019315" or srw.no all "18930021" or srw.no all "34582491" or srw.no all "35020804" or
      srw.no all "35020890" or srw.no all "35020976" or srw.no all "35059423" or srw.no all
      "35070655" or srw.no all "35072846" or srw.no all "35090631" or srw.no all "35107882" or
      srw.no all "35101144" or srw.no all "34717011" or srw.no all "35125542" or srw.no all
      "32916431" or srw.no all "27964547" or srw.no all "35183414" or srw.no all "32681050" or
      srw.no all "35045272" or srw.no all "35230432" or srw.no all "35086749" or srw.no all
      "35244381" or srw.no all "35244587" or srw.no all "35244472" or srw.no all "31431937" or
      srw.no all "35268461" or srw.no all "34928958" or srw.no all "34928958" or srw.no all
      "35286074" or srw.no all "35314712" or srw.no all "34473922" or srw.no all "35326974" or
      srw.no all "19092366" or srw.no all "31814400" or srw.no all "32876374" or srw.no all
      "34268892" or srw.no all "35448725" or srw.no all "35524729" or srw.no all "32178417" or
      srw.no all "35369633" or srw.no all "25168855" or srw.no all "35622945" or srw.no all
      "35625112" or srw.no all "35631849" or srw.no all "35633006" or srw.no all "35646966" or
      srw.no all "35655055" or srw.no all "35655094" or srw.no all "35662265" or srw.no all
      "35662524" or srw.no all "30724368" or srw.no all "32420812" or srw.no all "35695768" or
      srw.no all "35695768" or srw.no all "35673747" or srw.no all "35664965" or srw.no all
      "35674747" or srw.no all "35817670" or srw.no all "35793490" or srw.no all "33877893" or
      srw.no all "35094162" or srw.no all "35791911" or srw.no all "35516091" or srw.no all
      "33954421" or srw.no all "32425525" or srw.no all "35853992"</query>
    <maximumRecords>100</maximumRecords>
    <recordSchema>marcxml</recordSchema>
    <recordPacking>xml</recordPacking>
    <startRecord>1</startRecord>
    <sortKeys>relevance</sortKeys>
    <wskey>toWgNglVKaiZBYgIM5mKSfufFxcIgFXPT01Q9vvuGZY0wne73FNEr3kwG6qykq7awj5lOPQI6XxUHX3U</wskey>
    <servicelevel>full</servicelevel>
  </echoedSearchRetrieveRequest>
</searchRetrieveResponse>
